<?xml version="1.0" encoding="UTF-8"?><collection xmlns="http://www.loc.gov/MARC21/slim"><record><leader>00540nam--2200193-i-4500</leader><controlfield tag="001">000014777</controlfield><controlfield tag="002">20161230</controlfield><controlfield tag="005">20161230201031</controlfield><controlfield tag="008">060222s1000------------r-----000-0-eng-d</controlfield><datafield ind1=" " ind2=" " tag="040"><subfield code="a">IFIN-HH</subfield></datafield><datafield ind1=" " ind2=" " tag="080"><subfield code="a">537.811</subfield></datafield><datafield ind1="1" ind2=" " tag="100"><subfield code="a">Fano, R.M</subfield></datafield><datafield ind1="1" ind2="0" tag="245"><subfield code="a">Electromagnetic fields, energy and forces</subfield><subfield code="c">R.m. fano; lan jen chu; richard b. adler</subfield></datafield><datafield ind1=" " ind2=" " tag="250"><subfield code="a">Second Priting</subfield></datafield><datafield ind1=" " ind2=" " tag="260"><subfield code="a">New York</subfield><subfield code="b">John Wiley And Sons, Inc</subfield><subfield code="c">1963</subfield></datafield><datafield ind1=" " ind2=" " tag="300"><subfield code="a">XV + 520 P</subfield></datafield><datafield ind1="1" ind2=" " tag="700"><subfield code="a">Adler, Richard B</subfield></datafield><datafield ind1=" " ind2=" " tag="852"><subfield code="a">75364</subfield><subfield code="c">537:538</subfield></datafield><datafield ind1=" " ind2=" " tag="CAT"><subfield code="a">Sys</subfield><subfield code="c">20110628</subfield><subfield code="h">120842</subfield></datafield></record></collection>